@BOOK{LAMPOR94,
  AUTHOR       = {Leslie Lamport},
  TITLE        = {{LaTeX}: A Document Preparation System, },
  YEAR         = {1994},
  PUBLISHER    = {Addison-Wesley},
  edition      = {2nd Edition},
}

@BOOK{GOLUBG96,
  AUTHOR       = {Gene H. Golub and Charles F. Van Loan},
  TITLE        = {Matrix Computations },
  YEAR         = {1996},
  PUBLISHER    = {The Johns Hopkins Univeristy Press},
  edition      = {3rd Edition},
}

@inproceedings{wang2011action,
  title = {Action recognition by dense trajectories},
  author={Heng Wang and Alexander Kl{\"a}ser and Cordelia Schmid and Cheng-Lin Liu},
  booktitle = CVPR,
  address  = {Colorado Springs, CO},
  %series = {CVPR '11},
  year = {2011},
  month = {Jun},
  isbn = {978-1-4577-0394-2},
  pages = {3169--3176},
  doi = {10.1109/CVPR.2011.5995407},
  %organization = {IEEE},
  %url =  {http://dx.doi.org/10.1109/CVPR.2011.5995407},
}

@inproceedings{wang2013action,
  title = {Action recognition with improved trajectories},
  author={Heng Wang and Cordelia Schmid},
  booktitle = ICCV,
  address  = {Sydney, AUS},
  pages = {3551--3558},
  year = {2013},
  month = {Nov},
  doi = {10.1109/ICCV.2013.441},
  %organization = {IEEE},
  %url =  {https://hal.inria.fr/hal-00873267},
}


@INPROCEEDINGS{7486474,
author={Sameera Ramasinghe and Ranga Rodrigo},
booktitle = {3rd IAPR Asian Conference on Pattern Recognition (ACPR)},
title = {Action recognition by single stream convolutional neural networks: An approach using combined motion and static information},
address  = {Kuala Lumpur, MAS},
year = {2015},
pages = {101-105},
keywords = {feature extraction;gesture recognition;neural nets;Youtube dataset;action recognition;combined motion and static information;feature extraction;feature maps;optic flows;single stream convolutional neural networks;Data mining;Feature extraction;Neural networks;Optical imaging;Training;Videos;YouTube},
doi = {10.1109/ACPR.2015.7486474},
month = {Nov}
}

@inproceedings{girshick2014rich,
    title = {Rich Feature Hierarchies for Accurate Object Detection and Semantic Segmentation},
    author={Ross Girshick and Jeff Donahue and Trevor Darrell and Jitendra Malik},
    booktitle = CVPR,
    address  = {Columbus, OH},
    year = {2014},
    pages = {580--587},
    keywords = {image segmentation;neural nets;object detection;R-CNN;auxiliary task;bottom-up region proposal;canonical PASCAL VOC dataset;detection algorithm;domain-specific fine-tuning;high-capacity convolutional neural network;image features;labeled training data;low-level image feature;mAP;mean average precision;object detection performance;performance boost;rich feature hierarchy;segment objects;semantic segmentation;source code;supervised pretraining;Feature extraction;Object detection;Proposals;Support vector machines;Training;Vectors;Visualization},
    doi = {10.1109/CVPR.2014.81},
    ISSN = {1063-6919},
    month = {June}
}

@inproceedings{krizhevsky2012imagenet,
  title = {Imagenet classification with deep convolutional neural networks},
  author={Alex Krizhevsky and Ilya Sutskever and Geoffrey Hinton},
  booktitle = NIPS,
  year = {2012},
  month={Dec},
  address  = {Lake Tahoe, NV},
  pages = {1097--1105},
  %url =  {http://papers.nips.cc/paper/4824-imagenet-classification-with-deep-convolutional-neural-networks.pdf}
}

@inproceedings{chaudhry2009histograms,
  title = {Histograms of oriented optical flow and binet-cauchy kernels on nonlinear dynamical systems for the recognition of human actions},
  author={Rizwan Chaudhry and Avinash Ravichandran and Gregory Hager and Ren{\'e} Vidal},
  booktitle = CVPR,
  year = {2009},
  month= {Jun},
  address  = {Miami, FL},
  pages = {1932--1939},
  %organization = {IEEE}
}

@misc{deng2012imagenet,
  title = {Imagenet large scale visual recognition competition {ILSVRC}},
  author={Jia Deng and Alex Berg and Sanjeev Satheesh and Hao Su and Aditya Khosla and Li Fei-Fei},
  year = {2012},
  month = {}
}

@inproceedings{liu2009recognizing,
  title = {Recognizing realistic actions from videos in the wild},
  author={Jingen Liu and Jiebo Luo and Mubarak Shah},
  booktitle = CVPR,
  year = {2009},
  month ={Jun},
  address = {Miami, FL},
  pages = {1996--2003},
  %organization = {IEEE}
}

@inproceedings{marszalek2009actions,
  title = {Actions in context},
  author={Marcin Marszalek and Ivan Laptev and Cordelia Schmid},
  booktitle = CVPR,
  year = {2009},
  month ={Jun},
  address = {Miami, FL},
  pages = {2929--2936},
  %doi = {http://doi.ieeecomputersociety.org/10.1109/CVPRW.2009.5206557},
  %organization = {IEEE}
}

@inproceedings{gkioxari2015finding,
  title = {Finding action tubes},
  author={Georgia Gkioxari and Jitendra Malik},
  booktitle = CVPR,
  year = {2015},
  month ={Jun},
  address  = {Boston, MA},
  pages = {759--768}
}

@inproceedings{jain2014action,
  title = {Action localization with tubelets from motion},
  author={Mihir Jain and Jan Van Gemert and Herv{\'e} J{\'e}gou and Patrick Bouthemy and Cees Snoek},
  booktitle = CVPR,
  year = {2014},
  month ={Jun},
  address  = {Columbus, OH},
  pages = {740--747}
}

@inproceedings{van2015apt,
  title = {APT: Action localization proposals from dense trajectories},
  author={Jan Van Gemert and Mihir Jain and Ella Gati and Cees Snoek},
  booktitle = BMVC,
  year = {2015},
  address  = {Swansea, GBR},
  month = {Sep},
  volume = {2},
  pages = {4},
}

@inproceedings{wang2015action,
  title = {Action recognition with trajectory-pooled deep-convolutional descriptors},
  author={Limin Wang and Yu Qiao and Xiaoou Tang},
  booktitle = CVPR,
  year = {2015},
  month ={Jun},
  address  = {Boston, MA},
  pages = {4305--4314}
}

@inproceedings{schuldt2004recognizing,
  title = {Recognizing human actions: a local SVM approach},
  author={Christian Schuldt and Ivan Laptev and Barbara Caputo},
  booktitle = {Proc. Int. Conf. on Pattern Recognit.},
  year = {2004},
  month = {Aug},
  address  = {Cambridge, GBR},
  volume = {3},
  pages = {32--36},
  %organization = {IEEE}
}

@inproceedings{ke2005efficient,
  title = {Efficient visual event detection using volumetric features},
  author={Yan Ke and Rahul Sukthankar and Martial Hebert},
  booktitle = ICCV,
  year = {2005},
  month = {Jan},
  address  = {Beijing, CHN},
  volume = {1},
  pages = {166--173}
  %organization = {IEEE}
}

@inproceedings{shechtman2005space,
  title = {Space-time behavior based correlation},
  author={Eli Shechtman and Michal Irani},
  booktitle = CVPR,
  year = {2005},
  month = {Jun},
  address  = {San Diego, CA},
  volume = {1},
  pages = {405--412},
  %organization = {IEEE}
}

@inproceedings{laptev2008learning,
  title = {Learning realistic human actions from movies},
  author={Ivan Laptev and Marcin Marszalek and Cordelia Schmid and Benjamin Rozenfeld},
  booktitle = CVPR,
  year = {2008},
  month = {Jun},
  address  = {Anchorage, AL},
  pages = {1--8},
  %organization = {IEEE}
}

@inproceedings{simonyan2014two,
  title = {Two-stream convolutional networks for action recognition in videos},
  author={Karen Simonyan and Andrew Zisserman},
  booktitle = NIPS,
  year = {2014},
  month = {Dec},
  address  = {Montreal, CAN},
  pages = {568--576}
}


@article{feichtenhofer2016convolutional,
  title = {Convolutional Two-Stream Network Fusion for Video Action Recognition},
  author={Christoph Feichtenhofer and Axel  Pinz and Andrew Zisserman},
  journal = {Computing Research Repository (CoRR)},
  volume = {abs/1604.06573},
  year = {2016},
  month = {Apr},
  doi  = {arXiv preprint arXiv:1604.06573}
}

@article{ji20133d,
  title = {3{D} convolutional neural networks for human action recognition},
  author={Shuiwang Ji and Wei Xu and Ming Yang and Kai Yu},
  journal = IEEE_J_PAMI,
  year = {2013},
  month = {Jan},
  volume = {35},
  number = {1},
  pages = {221--231},
  doi = {10.1109/TPAMI.2012.59},
  keywords = {Deep learning, convolutional neural networks, 3D convolution, model combination, action recognition},
  %publisher = {IEEE}
  %journal = {IEEE_J_PAMI},
}


@inproceedings{tran2015learning,
  title = {Learning spatiotemporal features with 3{D} convolutional networks},
  author={Du Tran and Lubomir Bourdev and Rob Fergus and Lorenzo Torresani and Manohar Paluri},
  booktitle = ICCV,
  year = {2015},
  month = {Dec},
  address = {Santiago, CHI},
  pages = {4489--4497},
  %organization = {IEEE}
}


@inproceedings{kim2007human,
  title = {Human action recognition using a modified convolutional neural network},
  author={Ho-Joon Kim and Joseph Lee and Hyun-Seung Yang},
  booktitle = {Int. Symp. on Neural Networks},
  year = {2007},
  month = {Jun},
  address = {Nanjing, CHN},
  pages = {715--723},
  %organization = {Springer}
}

@inproceedings{klaser2008spatio,
  title = {A spatio-temporal descriptor based on 3{D}-gradients},
  author={Alexander Klaser and Marcin Marsza{\l}ek and Cordelia Schmid},
  booktitle = BMVC,
  year = {2008},
  month = {Sep},
  address = {Leeds, GBR},
  pages = {275--1},
  %organization = {British Machine Vision Association}
}


@inproceedings{yu2010real,
  title = {Real-time Action Recognition by Spatiotemporal Semantic and Structural Forests},
  author={Tsz-Ho Yu and Tae-Kyun Kim and Roberto Cipolla},
  booktitle = BMVC,
  year = {2010},
  month = {Aug},
  address = {Aberystwyth, GBR},
  volume = {2},
  number = {5},
  pages = {6}
}


@inproceedings{fernando2015modeling,
  title = {Modeling video evolution for action recognition},
  author={Basura Fernando and Efstratios Gavves and Jose Oramas and Amir Ghodrati and Tinne Tuytelaars},
  booktitle = CVPR,
  address = {Boston, MA},
  year = {2015},
  month= {Jun},
  pages = {5378--5387}
}

@article{wang2011hidden,
  title = {Hidden part models for human action recognition: Probabilistic versus max margin},
  author={Yang Wang and Greg Mori},
  journal = IEEE_J_PAMI,
  year = {2011},
  month = {Jul},
  volume = {33},
  number = {7},
  pages = {1310--1323},
  %publisher = {IEEE}
  %journal = {IEEE_J_PAMI}

}

@inproceedings{wu2014leveraging,
  title = {Leveraging hierarchical parametric networks for skeletal joints based action segmentation and recognition},
  author={Di Wu and Ling Shao},
  booktitle = CVPR,
  year = {2014},
  month = {Jun},
  address = {Columbus, OH},
  pages = {724--731}
}

@inproceedings{song2013action,
  title = {Action recognition by hierarchical sequence summarization},
  author={Yale Song and Louis-Philippe Morency and Randall Davis},
  booktitle = CVPR,
  year = {2013},
  month = {Jun},
  address = {Portland, OR},
  pages = {3562--3569}
}

@inproceedings{rohrbach2012script,
  title = {Script data for attribute-based recognition of composite activities},
  author={Marcus Rohrbach and Michaela Regneri and Mykhaylo Andriluka and Sikandar Amin and Manfred Pinkal and Bernt Schiele},
  booktitle = ECCV,
  year = {2012},
  month = {Oct},
  address = {Florence, ITA},
  pages = {144--157},
  %organization = {Springer}
}

@inproceedings{bhattacharya2014recognition,
  title = {Recognition of complex events: Exploiting temporal dynamics between underlying concepts},
  author={Subhabrata Bhattacharya and Mahdi Kalayeh and Rahul Sukthankar and Mubarak Shah},
  booktitle = CVPR,
  year = {2014},
  month = {Jun},
  address = {Columbus, OH},
  pages = {2235--2242}
}

@inproceedings{li2013recognizing,
  title = {Recognizing activities via bag of words for attribute dynamics},
  author={Weixin Li and Qian Yu and Harpreet Sawhney and Nuno Vasconcelos},
  booktitle = CVPR,
  year = {2013},
  month = {Jun},
  address = {Portland, OR},
  pages = {2587--2594}
}

@book{jackson1992perspectives,
  title = {Perspectives of nonlinear dynamics},
  author={Atlee Jackson},
  volume = {1},
  year = {1992},
  publisher = {CUP Archive}
}

@article{kailath1974view,
  title = {A view of three decades of linear filtering theory},
  author={Thomas Kailath},
  year = {1974},
  month={Mar},
  volume = {20},
  number = {2},
  pages = {146--181},
  journal = IEEE_J_IT,
}

@article{hochreiter1997long,
  title = {Long short-term memory},
  author={Sepp Hochreiter and J{\"u}rgen Schmidhuber},
  journal = {Neural Computation},
  year = {1997},
  month= {Nov},
  volume = {9},
  number = {8},
  pages = {1735--1780},
  publisher = {MIT Press}
}

@inproceedings{yue2015beyond,
  title = {Beyond short snippets: Deep networks for video classification},
  author={Joe Yue-Hei Ng and Matthew Hausknecht and Sudheendra Vijayanarasimhan and Oriol Vinyals and Rajat Monga and George Toderici},
  booktitle = CVPR,
  year = {2015},
  month = {Jun},
  address = {Boston, MA},
  pages = {4694--4702}
}


@inproceedings{donahue2015long,
  title = {Long-term recurrent convolutional networks for visual recognition and description},
  author={Jeffrey Donahue and Lisa Anne Hendricks and Sergio Guadarrama and Marcus Rohrbach and Subhashini Venugopalan and Kate Saenko and Trevor Darrell},
  booktitle = CVPR,
  year = {2015},
  month= {Jun},
  address = {Boston, MA},
  pages = {2625--2634}

}

@article{lucas1981iterative,
  title={An iterative image registration technique with an application to stereo vision},
  author={Lucas, Bruce D and Kanade, Takeo and others},
  year={1981},
  pages = {674--679},
  publisher={Vancouver, BC, Canada}
}



@inproceedings{ikizler2010object,
  title={Object, scene and actions: Combining multiple features for human action recognition},
  author={Ikizler-Cinbis, Nazli and Sclaroff, Stan},
  booktitle= ECCV,
  month= {Sep},
  address = {Crete, GRC},
  pages={494--507},
  year={2010},
  organization={Springer}
}

@inproceedings{vig2012space,
  title={Space-variant descriptor sampling for action recognition based on saliency and eye movements},
  author={Vig, Eleonora and Dorr, Michael and Cox, David},
  booktitle= ECCV,
  month= {Oct},
  address = {Florence, ITA},
  pages={84--97},
  year={2012},
  organization={Springer}
}

@inproceedings{jiang2012trajectory,
  title={Trajectory-based modeling of human actions with motion reference points},
  author={Jiang, Yu-Gang and Dai, Qi and Xue, Xiangyang and Liu, Wei and Ngo, Chong-Wah},
  booktitle= ECCV,
  month= {Oct},
  address = {Florence, ITA},
  pages={425--438},
  year={2012},
  organization={Springer}
}

@incollection{mathe2012dynamic,
  title={Dynamic eye movement datasets and learnt saliency models for visual action recognition},
  author={Mathe, Stefan and Sminchisescu, Cristian},
  booktitle= ECCV,
  month= {Oct},
  address = {Florence, ITA},
  pages={842--856},
  year={2012},
  publisher={Springer}
}


@inproceedings{jain2013better,
  title={Better exploiting motion for better action recognition},
  author={Jain, Mihir and Jegou, Herve and Bouthemy, Patrick},
  booktitle= CVPR,
  month= {Jun},
  address = {Portland, OR},
  pages={2555--2562},
  year={2013}
}

@inproceedings{ullah2010improving,
  title={Improving bag-of-features action recognition with non-local cues},
  author={Ullah, Muhammad Muneeb and Parizi, Sobhan Naderi and Laptev, Ivan},
  booktitle= BMVC,
  month = {Aug},
  address = {Aberystwyth, GBR},
  volume={10},
  pages={95--1},
  year={2010},
  %organization={Citeseer}
}


@ARTICLE{Hu2016deep,
    author={Junlin Hu and Jiwen Lu  and Yap-Peng Tan,},
    journal= IEEE_J_CASVT,
    title={Deep Metric Learning for Visual Tracking},
    year={2016},
    volume={26},
    number={11},
    pages={2056--2068},
    month={Nov}
    %doi={10.1109/TCSVT.2015.2477936},
    %ISSN={1051-8215},

}

@PHDTHESIS{Graves2008supervised,
  author =       {Alex Graves},
  title =        {Supervised Sequence Labelling with Recurrent Neural Networks},
  school =       {Technische Universit{\"a}t M{\"u}nchen},
  year =         {2008}
}
